% This file was created with JabRef 2.10.
% Encoding: UTF8


@Manual{Sklearn,
  Title                    = {API Reference},
  Author                   = {scikit-learn developers},
  Organization             = {scikit-learn developers},
  Year                     = {2018},
  Url                      = {http://scikit-learn.org/stable/modules/classes.html#api-reference}
}
